<record xmlns="http://www.loc.gov/MARC21/slim" xmlns:xsi="http://www.w3.org/2001/XMLSchema-instance" xsi:schemaLocation="http://www.loc.gov/MARC21/slim http://www.loc.gov/standards/marcxml/schema/MARC21slim.xsd"><leader>02067nam a2200421   4500</leader><controlfield tag="001">001680758</controlfield><controlfield tag="003">NNU</controlfield><controlfield tag="006">m        d        </controlfield><controlfield tag="007">cr cn |||m|||a</controlfield><controlfield tag="008">150222s1970    iq      ob    000 0darar</controlfield><datafield ind1=" " ind2=" " tag="040"><subfield code="a">NNU</subfield><subfield code="b">eng</subfield><subfield code="e">rda</subfield><subfield code="c">NNU</subfield></datafield><datafield ind1=" " ind2="4" tag="050"><subfield code="a">PJ6064.I15</subfield><subfield code="b">N3</subfield></datafield><datafield ind1="1" ind2=" " tag="100"><subfield code="6">880-01</subfield><subfield code="a">N&#257;j&#299;, Hil&#257;l</subfield></datafield><datafield ind1="1" ind2="0" tag="245"><subfield code="6">880-02</subfield><subfield code="a">Ah&#803;mad ibn Fa&#772;ris :</subfield><subfield code="b">h&#803;aya&#772;tuhu, shi&#699;ruhu, a&#772;tha&#772;ruh /</subfield><subfield code="c">tas&#803;ni&#772;f Hila&#772;l Na&#772;ji&#772;.</subfield></datafield><datafield ind1="1" ind2="4" tag="246"><subfield code="a">Ahmad ibn Faris, his life, poems, works</subfield></datafield><datafield ind1=" " ind2=" " tag="250"><subfield code="6">880-03</subfield><subfield code="a">[al-T&#803;ab&#699;ah 1].</subfield></datafield><datafield ind1=" " ind2=" " tag="260"><subfield code="6">880-04</subfield><subfield code="a">Baghda&#772;d :</subfield><subfield code="b">Mat&#803;ba&#699;at al-Ma&#699;a&#772;rif,</subfield><subfield code="c">1970.</subfield></datafield><datafield ind1=" " ind2=" " tag="300"><subfield code="a">online resource (67 pages)</subfield></datafield><datafield ind1=" " ind2=" " tag="336"><subfield code="a">text</subfield><subfield code="2">rdacontent</subfield></datafield><datafield ind1=" " ind2=" " tag="337"><subfield code="a">computer</subfield><subfield code="2">rdamedia</subfield></datafield><datafield ind1=" " ind2=" " tag="338"><subfield code="a">online resource</subfield><subfield code="2">rdacarrier</subfield></datafield><datafield ind1=" " ind2=" " tag="500"><subfield code="a">Part of the Arabic Collections Online (ACO) project, contributed by New York Univeristy Libraries.</subfield></datafield><datafield ind1=" " ind2=" " tag="504"><subfield code="a">Includes bibliographical references.</subfield></datafield><datafield ind1=" " ind2=" " tag="533"><subfield code="a">Electronic reproduction.</subfield><subfield code="b">New York, N.Y. :</subfield><subfield code="c">New York University,</subfield><subfield code="d">2015.</subfield><subfield code="5">NNU</subfield></datafield><datafield ind1="1" ind2="0" tag="600"><subfield code="6">880-05</subfield><subfield code="a">Ibn Fa&#772;ris al-Qazwi&#772;ni&#772;, Ah&#803;mad,</subfield><subfield code="d">active 10th century.</subfield></datafield><datafield ind1="1" ind2="7" tag="600"><subfield code="a">Ibn Fa&#772;ris al-Qazwi&#772;ni&#772;, Ah&#803;mad,</subfield><subfield code="d">active 10th century.</subfield><subfield code="2">fast</subfield><subfield code="0">(OCoLC)fst01825443</subfield></datafield><datafield ind1="2" ind2=" " tag="710"><subfield code="a">New York University.</subfield><subfield code="b">Libraries.</subfield></datafield><datafield ind1="0" ind2=" " tag="730"><subfield code="a">Arabic Collections Online.</subfield></datafield><datafield ind1="0" ind2="8" tag="776"><subfield code="i">Online version:</subfield><subfield code="a">Na&#772;ji&#772;, Hila&#772;l.</subfield><subfield code="t">Ah&#803;mad ibn Fa&#772;ris.</subfield><subfield code="b">[al-T&#803;ab&#699;ah 1].</subfield><subfield code="d">Baghda&#772;d : Mat&#803;ba&#699;at al-Ma&#699;a&#772;rif, 1970</subfield><subfield code="w">(OCoLC)569209961</subfield></datafield><datafield ind1="0" ind2="8" tag="776"><subfield code="i">Print version:</subfield><subfield code="a">N&#257;j&#299;, Hil&#257;l 880-01</subfield><subfield code="t">Ah&#803;mad ibn Fa&#772;ris</subfield><subfield code="w">(NNU)001680758</subfield><subfield code="w">(DLC)   74962057</subfield></datafield><datafield ind1="4" ind2="0" tag="856"><subfield code="u">http://hdl.handle.net/2333.1/r4xgxfwc</subfield></datafield><datafield ind1="1" ind2=" " tag="880"><subfield code="6">100-01/</subfield><subfield code="a">&#1606;&#1575;&#1580;&#1610;&#1548; &#1607;&#1604;&#1575;&#1604;.</subfield></datafield><datafield ind1="1" ind2="0" tag="880"><subfield code="6">245-02/</subfield><subfield code="a">&#1575;&#1581;&#1605;&#1583; &#1576;&#1606; &#1601;&#1575;&#1585;&#1587; :</subfield><subfield code="b">&#1581;&#1610;&#1575;&#1578;&#1607;&#1548; &#1588;&#1593;&#1585;&#1607;&#1548; &#1570;&#1579;&#1575;&#1585;&#1607; /</subfield><subfield code="c">&#1578;&#1589;&#1606;&#1610;&#1601; &#1607;&#1604;&#1575;&#1604; &#1606;&#1575;&#1580;&#1610;.</subfield></datafield><datafield ind1=" " ind2=" " tag="880"><subfield code="6">250-03/</subfield><subfield code="a">[&#1575;&#1604;&#1591;&#1576;&#1593;&#1577; 1].</subfield></datafield><datafield ind1=" " ind2=" " tag="880"><subfield code="6">260-04/</subfield><subfield code="a">&#1576;&#1594;&#1583;&#1575;&#1583; :</subfield><subfield code="b">&#1605;&#1591;&#1576;&#1593;&#1577; &#1575;&#1604;&#1605;&#1593;&#1575;&#1585;&#1601;&#1548;</subfield><subfield code="c">1970.</subfield></datafield><datafield ind1="1" ind2="4" tag="880"><subfield code="6">600-05/</subfield><subfield code="a">&#1575;&#1576;&#1606; &#1601;&#1575;&#1585;&#1587; &#1575;&#1604;&#1602;&#1586;&#1608;&#1610;&#1606;&#1610;&#1548; &#1575;&#1581;&#1605;&#1583;&#1548;,</subfield><subfield code="d">active 10th century.</subfield></datafield><datafield ind1=" " ind2=" " tag="959"><subfield code="a">NNU</subfield><subfield code="b">WEB</subfield><subfield code="c">GENI</subfield><subfield code="t">0</subfield><subfield code="m">Electronic access</subfield><subfield code="s">01</subfield></datafield><datafield ind1=" " ind2=" " tag="999"><subfield code="i">NNU_001680758</subfield><subfield code="s">nyu_aco000208</subfield><subfield code="e">(ERROR-880)</subfield></datafield></record>